<?xml version="1.0" encoding="UTF-8"?><record xmlns="http://www.loc.gov/MARC21/slim" xmlns:cinclude="http://apache.org/cocoon/include/1.0" xmlns:zs="http://www.loc.gov/zing/srw/">
  <leader>00399nz  a2200121n  4500</leader>
  <controlfield tag="001">n  88678979 </controlfield>
  <controlfield tag="003">DLC</controlfield>
  <controlfield tag="005">19881208094848.2</controlfield>
  <controlfield tag="008">881208n| acannaab|          |n aad |||  </controlfield>
  <datafield tag="010" ind1=" " ind2=" ">
    <subfield code="a">n  88678979 </subfield>
  </datafield>
  <datafield tag="040" ind1=" " ind2=" ">
    <subfield code="a">DLC</subfield>
    <subfield code="c">DLC</subfield>
  </datafield>
  <datafield tag="100" ind1="1" ind2="0">
    <subfield code="a">Brick, John Stephen</subfield>
  </datafield>
  <datafield tag="670" ind1=" " ind2=" ">
    <subfield code="a">nuc88-134150: His The effects of a self-instructional program ... [MI] 1983</subfield>
    <subfield code="b">(hdg. on TU rept.: Brick, John Stephen; usage: John Stephen Brick)</subfield>
  </datafield>
</record>